

@book{voices99,
  title = "Open Sources: Voices from the Open Source Revolution",
  author = "Chris DiBona and Sam Ockman and Mark Stone",
  publisher = "O'Reilly Media",
  month = "enero",
  year = "1999",
  }

@book{producir07,
 title = "Producir software de código abierto: Cómo llevar a buen puerto un proyecto de código libre",
 author = "Karl Fogel and Rafael Martilotti and Alejandro Ayuso and José Manuel Puerta Peña and Pedro Andrés Bonilla Polo and Aldo Vadillo Batista and Francisco Urbano García and Christian López Espínola and Emilio Casbas Jimenez",
 publisher = "O'Reilly Media", 
 year = "2007"
 howpublished = "\url{http://producingoss.com/es/producingoss.pdf}",
}

@book{intro03,
  title = "Introducción al software libre",
  author = "J. González Barahona and J. Seoane Pascual and G. Robles",
  publisher = "Fundació per a la Universitat Oberta de Catalunya",
  year = "2003",
  ISBN = "84-9788-028-5",
  howpublished = "\url{http://bibliotecadigital.org:8080/jspui/bitstream/001/344/4/84-9788-028-5.pdf}",
}

@misc{models07,
   title = "Business Models of Opensource and Free Software",
   author = "FaberNovel Consulting",
   month = "Septiembre",
   year = "2007", 
   howpublished = "\url{http://www.slideshare.net/faberNovel/businessmodels-opensource-en-125492}",
}

@misc{unixPhilosophy,
   title = "Basics of the Unix Philosophy",
   author = "Eric S. Raymond",
   year = "2003",
   howpublished = "\url{{http://www.faqs.org/docs/artu/ch01s06.html}",
}

@misc{LinuxCodingStyle,
   title = "Linux kernel coding style",
   author = "The kernel development community",
   howpublished = "\url{https://www.kernel.org/doc/html/latest/process/coding-style.html}",
}

@misc{GNUCoding,
   title = "GNU Coding Standards",
   author = "Free Software Foundation",
   howpublished = "\url{https://www.gnu.org/prep/standards/standards.html}",
}

@misc{freeBSDRules,
   title = "FreeBSD Committers' Big List of Rules",
   author = "The FreeBSD Documentation Project",
   howpublished = "\url{https://www.freebsd.org/doc/en_US.ISO8859-1/articles/committers-guide/rules.html}",
}

@article{Jorgensen07,
   title = "Developer autonomy in the FreeBSD open source project",
   author = "Niels Jorgensen",
   journal = "Journal of Management & Governance", 
   number = "11",
   pages = "119--128", 
   year = "2007",
   howpublished = "\url{https://www.researchgate.net/publication/5151190_Developer_autonomy_in_the_FreeBSD_open_source_project}",
} 

@misc{CENDITELCalidad,
   title = "Aseguramiento de Calidad en el Desarrollo de Software Libre",
   author = "J. Alvarez and S. Solé and M. Venegas and J. Quintero",
   year = "2013",
   howpublished = "\url{http://calidad-sl.cenditel.gob.ve/files/2011/06/modelo260413.pdf}",
}  

@misc{ctrlCalidad,
   title = "Control de calidad en software libre",
   author = "J. J. Martínez",
   year = "2008",
}

@misc{Softwarelibre,
   title = "Qué es una Comunidad de Software Libre",
   author = "Red Costarricense de Software Libre",
   howpublished = "\url{http://softwarelibrecr.org/preguntas-frecuentes/que-es-una-comunidad-de-software-libre/#sthash.AUhv6SzJ.dpbs}",
}

